@book{Billingsley,
  author    = {Patrick Billingsley},
  title     = {Probability and Measure},
  edition   = {4th (Anniversary)},
  year      = {2012},
  publisher = {Wiley}
}

@book{Durrett,
  author    = {Rick Durrett},
  title     = {Probability: Theory and Examples},
  edition   = {5th},
  year      = {2019},
  publisher = {Cambridge University Press}
}

@book{Kallenberg,
  author    = {Olav Kallenberg},
  title     = {Foundations of Modern Probability},
  edition   = {2nd},
  year      = {2002},
  publisher = {Springer}
}

@book{MeynTweedie,
  author    = {Sean P. Meyn and Richard L. Tweedie},
  title     = {Markov Chains and Stochastic Stability},
  edition   = {2nd},
  year      = {2009},
  publisher = {Cambridge University Press}
}

@article{TVGSurvey,
  author  = {Arnaud Casteigts and Paola Flocchini and Walter Quattrociocchi and Nicola Santoro},
  title   = {Time-Varying Graphs and Dynamic Networks},
  journal = {International Journal of Parallel, Emergent and Distributed Systems},
  volume  = {27},
  number  = {5},
  pages   = {387--408},
  year    = {2012}
}

@article{KochenStone,
  author  = {S. Kochen and C. Stone},
  title   = {A Note on the Borel--Cantelli Lemma},
  journal = {Illinois Journal of Mathematics},
  volume  = {8},
  number  = {2},
  pages   = {248--251},
  year    = {1964}
}

@article{Hoeffding,
  author  = {Wassily Hoeffding},
  title   = {Probability Inequalities for Sums of Bounded Random Variables},
  journal = {Journal of the American Statistical Association},
  volume  = {58},
  number  = {301},
  pages   = {13--30},
  year    = {1963}
}

% --------- Added for improvements ---------

@article{Freedman1975,
  author  = {David A. Freedman},
  title   = {On Tail Probabilities for Martingales},
  journal = {The Annals of Probability},
  year    = {1975},
  volume  = {3},
  number  = {1},
  pages   = {100--118}
}

@book{Doukhan1994,
  author    = {Paul Doukhan},
  title     = {Mixing: Properties and Examples},
  publisher = {Springer},
  year      = {1994}
}

@article{Bradley2005,
  author  = {Richard C. Bradley},
  title   = {Basic Properties of Strong Mixing Conditions. A Survey and Some Open Problems},
  journal = {Probability Surveys},
  volume  = {2},
  pages   = {107--144},
  year    = {2005}
}

@article{Rosenblatt1956,
  author  = {Murray Rosenblatt},
  title   = {A Central Limit Theorem and a Strong Mixing Condition},
  journal = {Proceedings of the National Academy of Sciences},
  volume  = {42},
  number  = {1},
  pages   = {43--47},
  year    = {1956}
}

@book{Nummelin1984,
  author    = {Esa Nummelin},
  title     = {General Irreducible Markov Chains and Non-Negative Operators},
  publisher = {Cambridge University Press},
  year      = {1984}
}

@book{Asmussen2003,
  author    = {S{\o}ren Asmussen},
  title     = {Applied Probability and Queues},
  edition   = {2nd},
  publisher = {Springer},
  year      = {2003}
}

@article{Dobrushin1956,
  author  = {R. L. Dobrushin},
  title   = {Central Limit Theorem for Nonstationary Markov Chains},
  journal = {Theory of Probability and its Applications},
  volume  = {1},
  number  = {1},
  pages   = {65--80},
  year    = {1956}
}
